


@inproceedings{mooney2010towards,
  title={Towards quality metrics for OpenStreetMap},
  author={Mooney, Peter and Corcoran, Padraig and Winstanley, Adam C},
  booktitle={Proceedings of the 18th SIGSPATIAL international conference on advances in geographic information systems},
  pages={514--517},
  year={2010},
  organization={ACM}
}


@article{webster1995urban,
  title={Urban morphological fingerprints},
  author={Webster, CJ},
  journal={Environment and Planning B: Planning and design},
  volume={22},
  number={3},
  pages={279--297},
  year={1995},
  publisher={SAGE Publications Sage UK: London, England}
}


@article{anas1998urban,
  title={Urban spatial structure},
  author={Anas, Alex and Arnott, Richard and Small, Kenneth A},
  journal={Journal of economic literature},
  volume={36},
  number={3},
  pages={1426--1464},
  year={1998},
  publisher={JSTOR}
}

@article{le2015forme,
  title={De la forme urbaine {\`a} la structure m{\'e}tropolitaine: une typologie de la configuration interne des densit{\'e}s pour les principales m{\'e}tropoles europ{\'e}ennes de lâ€™Audit Urbain},
  author={Le N{\'e}chet, Florent},
  journal={Cybergeo: European Journal of Geography},
  year={2015},
  publisher={CNRS-UMR G{\'e}ographie-cit{\'e}s 8504}
}


@ARTICLE{2017arXiv170902939M,
       author = {{Moosavi}, Vahid},
        title = "{Urban morphology meets deep learning: Exploring urban forms in one million cities, town and villages across the planet}",
      journal = {arXiv e-prints},
     keywords = {Computer Science - Computer Vision and Pattern Recognition, Computer Science - Computers and Society},
         year = "2017",
        month = "Sep",
          eid = {arXiv:1709.02939},
        pages = {arXiv:1709.02939},
archivePrefix = {arXiv},
       eprint = {1709.02939},
 primaryClass = {cs.CV},
       adsurl = {https://ui.adsabs.harvard.edu/\#abs/2017arXiv170902939M},
      adsnote = {Provided by the SAO/NASA Astrophysics Data System}
}



@article{herold2003spatiotemporal,
  title={The spatiotemporal form of urban growth: measurement, analysis and modeling},
  author={Herold, Martin and Goldstein, Noah C and Clarke, Keith C},
  journal={Remote sensing of Environment},
  volume={86},
  number={3},
  pages={286--302},
  year={2003},
  publisher={Elsevier}
}



@article{raimbault2018calibration,
  title={Calibration of a density-based model of urban morphogenesis},
  author={Raimbault, Juste},
  journal={PloS one},
  volume={13},
  number={9},
  pages={e0203516},
  year={2018},
  publisher={Public Library of Science}
}

